<?xml version="1.0" encoding="UTF-8"?>
<record xmlns="http://www.loc.gov/MARC21/slim" xmlns:xsi="http://www.w3.org/2001/XMLSchema-instance" xsi:schemaLocation="http://www.loc.gov/MARC21/slim http://www.loc.gov/standards/marcxml/schema/MARC21slim.xsd">
<leader>     nam a2200349 a 4500</leader>
<controlfield tag="001">001657075</controlfield>
<controlfield tag="003">NNU</controlfield>
<controlfield tag="005">20061010170908.0</controlfield>
<controlfield tag="008">001005m19441945ua a          000 p arar</controlfield>
<datafield tag="010" ind1=" " ind2=" ">
<subfield code="a">74221042</subfield>
</datafield>
<datafield tag="035" ind1="9" ind2=" ">
<subfield code="a">NYUb12194702</subfield>
</datafield>
<datafield tag="035" ind1=" " ind2=" ">
<subfield code="a">(CStRLIN)NYUG00-B3491</subfield>
</datafield>
<datafield tag="040" ind1=" " ind2=" ">
<subfield code="c">NNU</subfield>
</datafield>
<datafield tag="041" ind1="1" ind2=" ">
<subfield code="a">araper</subfield>
<subfield code="h">per</subfield>
</datafield>
<datafield tag="050" ind1=" " ind2="0">
<subfield code="a">PK6465.Z72</subfield>
<subfield code="b">S5</subfield>
</datafield>
<datafield tag="066" ind1=" " ind2=" ">
<subfield code="c">(3</subfield>
</datafield>
<datafield tag="090" ind1=" " ind2=" ">
<subfield code="a">PK6465.Z72</subfield>
<subfield code="b">S5</subfield>
</datafield>
<datafield tag="100" ind1="0" ind2=" ">
<subfield code="6">880-01</subfield>
<subfield code="a">Ḥāfiẓ,</subfield>
<subfield code="d">14th cent.</subfield>
</datafield>
<datafield tag="240" ind1="1" ind2="0">
<subfield code="6">880-02</subfield>
<subfield code="a">Dīvān.</subfield>
<subfield code="l">Arabic &amp; Persian</subfield>
</datafield>
<datafield tag="245" ind1="1" ind2="0">
<subfield code="6">880-03</subfield>
<subfield code="a">Aghānī Shīrāz, aw,</subfield>
<subfield code="b">Ghazalīyāt Ḥāfiz al-Shīrāzī /</subfield>
<subfield code="c">tarjamahā li-awwal marrah min aṣlhā al-Fārisī maʻa muqaddamah wāfīayh min al-shāʻir wa-dīwānihi Ibrāhīm Amīn al-Shawvāribī.</subfield>
</datafield>
<datafield tag="246" ind1="3" ind2=" ">
<subfield code="6">880-04</subfield>
<subfield code="a">Ghazalīyāt Ḥāfiz al-Shīrāzī</subfield>
</datafield>
<datafield tag="250" ind1=" " ind2=" ">
<subfield code="6">880-05</subfield>
<subfield code="a">al-Tabʻah 1.</subfield>
</datafield>
<datafield tag="260" ind1=" " ind2=" ">
<subfield code="6">880-06</subfield>
<subfield code="a">al-Qāhirah :</subfield>
<subfield code="b">Maṭbaʻat Lajnat al-Taʼlīf wa-al-Tarjamah wa-al-Nashr,</subfield>
<subfield code="c">1944-1945.</subfield>
</datafield>
<datafield tag="300" ind1=" " ind2=" ">
<subfield code="a">2 v. :</subfield>
<subfield code="b">ill. ;</subfield>
<subfield code="c">28 cm.</subfield>
</datafield>
<datafield tag="700" ind1="1" ind2=" ">
<subfield code="6">880-07</subfield>
<subfield code="a">Shawāribī, Ibrāhīm Amīn.</subfield>
</datafield>
<datafield tag="880" ind1="0" ind2=" ">
<subfield code="6">100-01/</subfield>
<subfield code="a">حافظ.</subfield>
</datafield>
<datafield tag="880" ind1="1" ind2="0">
<subfield code="6">240-02/</subfield>
<subfield code="a">ديوان</subfield>
</datafield>
<datafield tag="880" ind1="1" ind2="0">
<subfield code="6">245-03/</subfield>
<subfield code="a">أغانى شيراز، او،</subfield>
<subfield code="b">غزليات حافظ الشيرازى /</subfield>
<subfield code="c">ترجمها لاول مرة من أصلها الفارسى مع مقدمة وافية من الشاعر وديوانه ابراهيم أمين الشواربى.</subfield>
</datafield>
<datafield tag="880" ind1="3" ind2=" ">
<subfield code="6">246-04/</subfield>
<subfield code="a">غزليا حافظ الشيرازى</subfield>
</datafield>
<datafield tag="880" ind1=" " ind2=" ">
<subfield code="6">250-05/</subfield>
<subfield code="a">الطبعة ١.</subfield>
</datafield>
<datafield tag="880" ind1=" " ind2=" ">
<subfield code="6">260-06/</subfield>
<subfield code="a">القاهرة :</subfield>
<subfield code="b">مطبعة لجنة التأليف والترجمة والنشر،</subfield>
<subfield code="c">١٩٤٥-١٩٤٤.</subfield>
</datafield>
<datafield tag="880" ind1="1" ind2=" ">
<subfield code="6">700-07/</subfield>
<subfield code="a">شواربى، ابارهيم أمين.</subfield>
</datafield>
<datafield tag="OWN" ind1=" " ind2=" ">
<subfield code="a">GENERAL</subfield>
</datafield>
<datafield tag="998" ind1=" " ind2=" ">
<subfield code="a">20001005</subfield>
<subfield code="d">20001005</subfield>
<subfield code="d">20001005</subfield>
<subfield code="n">NNU</subfield>
<subfield code="s">1</subfield>
<subfield code="t">c</subfield>
<subfield code="z">p</subfield>
</datafield>
<datafield tag="AVA" ind1=" " ind2=" ">
<subfield code="a">NYU50</subfield>
<subfield code="b">BOBST</subfield>
<subfield code="c">Main Collection</subfield>
<subfield code="d">PK6465.Z72 S5</subfield>
<subfield code="e">unavailable</subfield>
<subfield code="t">Unavailable</subfield>
<subfield code="f">1</subfield>
<subfield code="g">1</subfield>
<subfield code="h">Y</subfield>
<subfield code="i">0</subfield>
<subfield code="j">MAIN</subfield>
<subfield code="k">0</subfield>
</datafield>
</record>
